<?xml version="1.0" encoding="UTF-8"?><collection xmlns="http://www.loc.gov/MARC21/slim"><record><leader>00570nam--2200193-u-4500</leader><controlfield tag="001">000053029</controlfield><controlfield tag="002">20161230</controlfield><controlfield tag="005">20161230201050</controlfield><controlfield tag="008">110103s1000------------r-----000-0-rum-d</controlfield><datafield ind1=" " ind2=" " tag="040"><subfield code="a">IFIN-HH</subfield></datafield><datafield ind1=" " ind2=" " tag="041"><subfield code="a">rum</subfield></datafield><datafield ind1=" " ind2=" " tag="080"><subfield code="a">537.8:612.014.42(043)</subfield></datafield><datafield ind1="1" ind2=" " tag="100"><subfield code="a">Pologea-moraru, Roxana</subfield></datafield><datafield ind1="1" ind2="0" tag="245"><subfield code="a">Actiunea campurilor electromagnetice asupra celulelor vii</subfield><subfield code="b">Teza</subfield><subfield code="c">Roxana pologea-moraru</subfield></datafield><datafield ind1=" " ind2=" " tag="260"><subfield code="a">Bucuresti</subfield><subfield code="b">Ifa</subfield><subfield code="c">1999</subfield></datafield><datafield ind1=" " ind2=" " tag="300"><subfield code="a">PAG. DIF</subfield></datafield><datafield ind1=" " ind2=" " tag="502"><subfield code="a">Conducator Stiintific: Profesor Dr. Vladimir Topa</subfield></datafield><datafield ind1=" " ind2=" " tag="852"><subfield code="a">81049</subfield><subfield code="c">537:538</subfield></datafield><datafield ind1=" " ind2=" " tag="CAT"><subfield code="a">Sys</subfield><subfield code="c">20110705</subfield><subfield code="h">111147</subfield></datafield></record></collection>